<record><leader>00000cas a22000007a 4500</leader><controlfield tag="001">27301283</controlfield><controlfield tag="008">930121d187u1uuucaudn ne      0    0eng d</controlfield><datafield ind1=" " ind2=" " tag="010"><subfield code="a">sn 92068462 </subfield></datafield><datafield ind1=" " ind2=" " tag="040"><subfield code="a">CUY</subfield><subfield code="b">eng</subfield><subfield code="c">CNK</subfield><subfield code="d">OCLCQ</subfield></datafield><datafield ind1=" " ind2=" " tag="042"><subfield code="a">msc</subfield></datafield><datafield ind1="0" ind2="0" tag="245"><subfield code="a">Daily evening signal.</subfield></datafield><datafield ind1="3" ind2="0" tag="246"><subfield code="a">Evening daily signal</subfield></datafield><datafield ind1="3" ind2="0" tag="246"><subfield code="a">Evening signal</subfield></datafield><datafield ind1=" " ind2=" " tag="260"><subfield code="a">Eureka, Humboldt Bay [Calif.] :</subfield><subfield code="b">D.E. Gordon</subfield></datafield><datafield ind1=" " ind2=" " tag="300"><subfield code="a">v.</subfield></datafield><datafield ind1=" " ind2=" " tag="310"><subfield code="a">Daily (except Sun.)</subfield></datafield><datafield ind1=" " ind2=" " tag="500"><subfield code="a">"Daily" appears above masthead ornament, Dec. 5, 1876-Mar. 30, 1877.</subfield></datafield><datafield ind1=" " ind2=" " tag="588"><subfield code="a">Description based on: Vol. 1, no. 50 (Dec. 5, 1876).</subfield></datafield><datafield ind1=" " ind2="4" tag="651"><subfield code="a">Humboldt County (Calif.)</subfield><subfield code="v">Newspapers.</subfield></datafield><datafield ind1=" " ind2=" " tag="752"><subfield code="a">United States</subfield><subfield code="b">California</subfield><subfield code="c">Humboldt</subfield><subfield code="d">Eureka.</subfield></datafield><datafield ind1="0" ind2=" " tag="775"><subfield code="t">West Coast signal</subfield><subfield code="w">(DLC)sn 84038782</subfield></datafield><datafield ind1="1" ind2=" " tag="029"><subfield code="a">AU@</subfield><subfield code="b">000020734598</subfield></datafield></record>